%% This BibTeX bibliography 
%% Editor de referências Bibtex online: http://truben.no/latex/bibtex/

%% Saved with string encoding Unicode (UTF-8) 


%% Problema
@misc {poulsen13,
    author  = "Camilo José Bornia Poulsen and Denise Lindstrom Bandeira",
    title   = "Desenvolvimento de um Modelo Matemático para Apoio à Decisão na Programação de Grades Horárias de Escolas de Excelência Pedagógica",
    journal = "IV Encontro de Administração da Informação",
    year    = "2013"
}

@PHDTHESIS {rocha13,
    author = "Walace de Souza Rocha",
    title  = "Algoritmo GRASP para o Problema de Tabela-horário de Universidades",
    school = "Universidade Federal do Espírito Santo",
    year   = "2013",
    type = "Mestrado"
}

@misc {gotlieb63,
    author  = "C. C. Gotlieb",
    title   = "The construction of class-teacher timetables",
    journal = "IFIP Congress 62",
    year    = "1963",
    pages   = "73-77"
}

@misc {wren96,
    author = "A. Wren",
    title  = "\textbf{Scheduling, Timetabling and Rostering – A Special Relationship?}",
    year   = "1996"
}

@misc {schaerf99,
    author  = "A. Schaerf",
    title   = "A Survey of Automated Timetabling",
    journal = "Artificial Intelligence Review",
    year    = "1999",
    pages   = "87-127"
}

@misc {santos07,
    author  = "Haroldo Gambini Santos and Marcone Jamilson Freitas Souza",
    title   = "Programação de Horários em Instituições Educacionais: Formulações e Algoritmos",
    journal = "XXXIX SBPO - A Pesquisa Operacional e o Desenvolvimento Sustentável",
    year    = "2007"
}

@PHDTHESIS {poulsen12,
    author = "Camilo José Bornia Poulsen",
    title  = "Desenvolvimento de um Modelo para o School Timetabling Problem Baseado na Meta-Heurística Simulated Annealing",
    school = "UNIVERSIDADE FEDERAL DO RIO GRANDE DO SUL",
    year   = "2012",
    type = "Mestrado"
}

@misc {burke95a,
    author    = "E. K. Burke and D. G. Uiman and P. H. Ford and R. F. Weare",
    title     = "Examination Timetabling in British Universities - A Survey",
    chapter   = "4",
    publisher = "Spring",
    year      = "1995"
}

@BOOK {garey79,
    author    = "Michael R. Garey and David S. Johnson",
    title     = "Computers and Intractability: A Guide to the Theory of NP-Completeness",
    year      = "1979",
    isbn = "0716710447",
    publisher = "W. H. Freeman \& Co.",
    address = "New York, NY, USA",
    edition = "1"
    
}

@misc {dwerra95,
    author = "D. de Werra",
    title  = "Some Combinatorial Models for Course Scheduling",
    year   = "1995"
}

@misc {ross95,
    author = "P. Ross and D. Corne and H. Terashima-Marin",
    title  = "The Phase-Transition Niche for Evolutionary Algorithms in Timetabling",
    year   = "1995"
}
@misc {burke95b,
    author  = "E. K. Burke and J. P. Newall and R. F. Weare",
    title   = "A Memetic Algorithm for University Exam Timetabling",
    journal = "Department of Computer Science, University of Nottingham, University Park, Nottingham, UK",
    year    = "1995",
    note    = "Descrição do Timetabling"
}


%% Algoritmos
@misc{
    welsh-powell67,
    author = {Welsh, D. J. A. and Powell, M. B.},
    title = "{An upper bound for the chromatic number of a graph and its application to timetabling problems}",
    journal = {The Computer Journal},
    volume = {10},
    number = {1},
    pages = {85-86},
    year = {1967},
    month = {01},
    abstract = "{This paper points out the connection between the basic scheduling or timetabling problem with the well known problem of colouring the vertices of a graph in such a way that (i) no two adjacent vertices are the same colour and (ii) the number of colours used is a minimum. We give an algorithm for colouring a graph subject to (i) and give a new easily determined bound for the number of colours needed. This same bound is also a new upper bound for the chromatic number of a graph in terms of the degrees of its vertices.}",
    issn = {0010-4620},
    doi = {10.1093/comjnl/10.1.85},
    url = {https://doi.org/10.1093/comjnl/10.1.85},
    eprint = {https://academic.oup.com/comjnl/misc-pdf/10/1/85/1069035/100085.pdf},
}



@BOOK{
	cormen14,
	author = "Thomas H. Cormen",
	title = "Desmistificando Algoritmos",
	publisher = "Elsevier",
	year = "2014",
	edition = "1"

}

% @BOOK{
%	feofiloff13,
%	author={Feofiloff, Paulo},
%	title = "Mini Curso de Análise de Algorítimos",
%	publisher = "Departamento de Ciência da Computação, Instituto de Matemática e Estatística, Universidade de São Paulo",
%	year = "2013",
%	edition = "1"
%}



%% Banco de Dados
@BOOK{
    heuser09,
    title={Projeto de banco de dados : Volume 4 da S{\'e}rie Livros did{\'a}ticos inform{\'a}tica UFRGS},
    author={Heuser, C.A.},
    isbn={9788577803828},
    series={Livros did{\'a}ticos inform{\'a}tica UFRGS},
    url={https://books.google.com.br/books?id=pv0cPwAACAAJ},
    year={2009},
    publisher={Bookman}
}


%% UML

@BOOK {
	page-jones01,
    author    = "Meilir Page-Jones",
    title     = "Fundamentos do desenho orientado a objeto com UML",
    publisher = "Makron Books",
    year      = "2001",
    edition   = "1"
}

@BOOK{
	larman00,
	author = "Craig Larman",
	title = "Utilizando UML e Padrões",
	publisher = "Bookman",
	year = "2000",
	edition = "1"
}

@BOOK{
	fowler07,
	author = "Martin Fowler",
	title = "UML Essencial",
	publisher = "Bookman",
	year = "2007",
	edition = "3"
}

%% Engenharia de Software 

@BOOK {
	sommerville11,
    author    = "Ian Sommerville",
    title     = "Engenharia de Software",
    publisher = "Pearson Education",
    year      = "2011",
    edition   = "9"
}

@BOOK {
	pressman11,
    author    = "Roger S. Pressman",
    title     = "Engenharia de Software, uma abordagem profissional",
    publisher = "AMGH Editora",
    year      = "2011",
    edition   = "7"
}



%% Estrutura de Dados

@BOOK {
	szwarcfiter94,
    author    = "Jayme Luiz Szwarcfiter and Lilian Markenzon",
    title     = "Estrutura de Dados e Seus Algoritmos",
    publisher = "LTC",
    year      = "1994",
    edition   = "2"
}

%% Teoria de Grafos
@PHDTHESIS {pinto18,
    author = "José Wilson Coura Pinto",
    title  = "Grafos ORTH[h, s, t]",
    school = "UFRJ/COPPE",
    year   = "2018",
    type   = "Tese (Doutorado)"
}
@BOOK {szwarcfiter18,
    author    = "Jayme Luiz Szwarcfiter",
    title     = "Teoria Computacional de Grafos",
    publisher = "Elsevier Editora Ltda.",
    year      = "2018",
    edition   = "first"
}

@BOOK{
	szwarcifter86,
	author = "Jayme Luiz Szwarcifter",
	title = "Grafos e Algoritmos Computacionais",
	publisher = "Campus",
	year = "1986",
	edition = "2",
	pages = "35-42, 169-195"
}

%    @BOOK {
%    	bondy76,
%        author    = "J. A. Bondy and U. S. R. Murty",
%        title     = "Graph Theory with Applications.",
%        publisher = "Macmillan/Elsevier",
%        year      = "1976",
%        edition = "1",
%        url   = "http://www.ecp6.jussieu.fr/pageperso/ bondy/books/gtwa/gtwa.html."
%    }

@misc {
    sedgewick, 
    author =  "Paulo Feofiloff",
    title  = "Algoritmos para Grafos em C via Sedgewick",
    url    = "https://www.ime.usp.br/~pf/algoritmos_para_grafos/",
    urlaccessdate = "26/01/2018"
}

@online {
	feofiloff11,
   author  = {Paulo Feofiloff and Yoshiharu Kohayakawa and Yoshiko Wakabayashi},
    title   = {Uma Introdução Sucinta à Teoria dos Grafos},
    edition = {1},
    year    = {2011},
    url = {https://www.ime.usp.br/~pf/teoriadosgrafos/texto/TeoriaDosGrafos.pdf}
}

@ONLINE {ferreiraHTML,
    author = "Elcio Ferreira and Diego Eis",
    title  = "HTML5: Curso W3C Escritório Brasil",
    month  = "mar",
    year   = "2020",
    url    = "https://www.w3c.br/pub/Cursos/CursoHTML5/html5-web.pdf"
}

@ONLINE {mariosouto2019,
    author = "Mario Souto",
    title  = "O que é front-end e back-end?",
    month  = "sep",
    year   = "2019",
    url    = "https://www.alura.com.br/artigos/o-que-e-front-end-e-back-end"
}

@ONLINE {dextra2013,
    author = "Dextra",
    title  = "Requisito ou Regra de Negócio?",
    month  = "nov",
    year   = "2013",
    url    = "https://dextra.com.br/pt/requisito-ou-regra-de-negocio/"
}

@ONLINE {arianegoncalves2019,
    author = "Ariane Gon{\c{C}}alves",
    title  = "O que é CSS? Guia Básico para Iniciantes",
    month  = "aug",
    year   = "2019",
    url    = "https://www.hostinger.com.br/tutoriais/o-que-e-css-guia-basico-de-css/"
}

@ONLINE {vilsonheckjunior2014,
    author = "Vilson Heck Junior",
    title  = "Programação para a Internet",
    month  = "jan",
    year   = "2014",
    url    = "http://docente.ifsc.edu.br/vilson.junior/pi/04_Introducao_JavaScript.pdf"
}

@ONLINE {portalgsti2020,
    author = "Portal GSTI",
    title  = "O que é Bootstrap?",
    month  = "mar",
    year   = "2020",
    url    = "https://www.portalgsti.com.br/bootstrap/sobre/"
}

@misc{
	yoshiko12,
	author = {Yoshiko Wakabayashi},
	year = {2012},
	title = {Notas de Aula de Teoria de Grafos},
	url = {https://www.ime.usp.br/~tassio/arquivo/2012-ii/grafoes/notas-grafoes.pdf},
	urlaccessdate = {05/05/2018}
}

%% --- Modelagem

@article{lima_14,
  title={\textbf{Classifica{\c{c}}{\~a}o de cografos quanto ao {\'\i}ndice crom{\'a}tico}},
  author={Lima, Alex Reimann Cunha},
  year={2014},
  publisher={Universidade Federal da Fronteira Sul}
}


@BOOK {goldbarg_12,
    author    = "Marco Cesar Goldbarg  and Elizabeth Ferreira Gouvêa Goldbarg",
    title     = "Grafos: Conceitos, algoritmos e aplicações",
    publisher = "Elsevier Editora Ltda",
    year      = "2012",
    volume    = "1"
}

@BOOK {goldbarg_15,
    author    = "Marco Cesar Goldbarg and Henrique Pacca Loureiro Luna and Elizabeth Ferreira Gouvêa Goldbarg",
    title     = "Programação Linear e Fluxos em Redes",
    publisher = "Elsevier Editora Ltda",
    year      = "2015",
    volume    = "1"
}

%% --- Problema Matemático 

@PHDTHESIS {vredeveld_02,
    author = "Tjark Vredeveld",
    title  = "Combinatorial Approximation Algorithms: Guaranteed versus experimental performance",
    school = "Technische Universiteit Eindhoven",
    year   = "2002",
    type   = "PhD"
}
% ----- Outros

@TECHREPORT {ceticbr19,
    author      = "Centro Regional de Estudos para o Desenvolvimento da Sociedade da Informação - Cetic.br",
    title       = "Pesquisa sobre o uso das tecnologias de informação e comunicação nos domicílios brasileiros - TIC Domicílios 2019",
    institution = "CGI.br/NIC.br",
    year        = "2019",
    type        = "Pesquisa",
    number      = "9",
    url     = "https://cetic.br/pt/tics/domicilios/2019/individuos/C16A/"
}

@misc{socha03,
author = {Socha, Krzysztof and Sampels, Michael and Manfrin, Max},
year = {2003},
month = {02},
pages = {},
title = {Ant Algorithms for the University Course Timetabling Problem with Regard to the State-of-the-Art},
volume = {334-345},
journal = {Lecture Notes in Computer Science},
doi = {10.1007/3-540-36605-9_31}
}

@misc{kiaer92,
author = {Kiaer, Lynn and Yellen, Jay},
year = {1992},
month = {01},
pages = {59-67},
title = {Weighted graphs and university course timetable},
volume = {19},
journal = {Computers & Operations Research},
doi = {10.1016/0305-0548(92)90059-E}
}

@misc{lai08,
author = {Lai, Lien-Fu and Wu, Chao-Chin and Hsueh, Nien-Lin and Huang, Liang-Tsung and Hwang, Shiow-Fen},
year = {2008},
month = {02},
pages = {223-240},
title = {An Artificial Intelligence Approach to Course Timetabling.},
volume = {17},
journal = {International Journal on Artificial Intelligence Tools},
doi = {10.1142/S0218213008003868}
}

@misc{burke10,
author = {Burke, Edmund and Eckersley, Adam and Mccollum, Barry and Petrovic, Sanja and Qu, Rong},
year = {2010},
month = {10},
pages = {46-53},
title = {Hybrid variable neighbourhood approaches to university exam timetabling},
volume = {206},
journal = {European Journal of Operational Research},
doi = {10.1016/j.ejor.2010.01.044}
}
@misc{scheeren18,
author = {Scheeren, Vanessa and Pereira, Elizangela and Vaz, Francieli},
year = {2018},
month = {11},
pages = {30-46},
title = {PROGRAMAÇÃO DE HORÁRIOS DE EXAMES ATRAVÉS DA COLORAÇÃO DE GRAFOS},
volume = {23},
journal = {Revista do CCEI},
doi = {10.30945/ccei-v23i38.295}
}

@misc{brown87,
author = {Brown, Jason and Corneil, Derek},
year = {1987},
month = {03},
pages = {87 - 99},
title = {On generalized graph coloring},
volume = {11},
journal = {Journal of Graph Theory},
doi = {10.1002/jgt.3190110113}
}
@misc {cronos20,
    author = {4cis{ }Sistemas{ }Ltda.},
    title  = "\textbf{Cronos - Programa para fazer horários escolares}",
    month  = "sep",
    year   = "2020",
    url    = "https://www.cronostimetable.com/"
}
@ONLINE {gridclass20,
    author = {Grupo{ }WPensar},
    title  = "GridClass - Programa de Horário Escolar Online",
    month  = "sep",
    year   = "2020",
    url    = "http://gridclass.com.br/"
}
@ONLINE {urania20,
    author = {Geha{ }Sistemas{ }Especialistas},
    title  = "URÂNIA",
    month  = "sep",
    year   = "2020",
    url    = "http://horario.com.br/"
}

@misc{carlson66,
author = {Carlson, R. and Nemhauser, George},
year = {1966},
month = {02},
pages = {52-58},
title = {Scheduling to Minimize Interaction Cost},
volume = {14},
journal = {Operations Research},
doi = {10.1287/opre.14.1.52}
}

@misc{brown96,
author = {Brown, Jason},
year = {1996},
month = {08},
pages = {257-270},
title = {The complexity of generalized graph colorings},
volume = {69},
journal = {Discrete Applied Mathematics},
doi = {10.1016/0166-218X(96)00096-0}
}

@misc{bondy78,
author = {Bondy, J. and Murty, U.},
year = {1978},
month = {03},
pages = {},
title = {Graph Theory With Application},
volume = {62},
journal = {The Mathematical Gazette},
doi = {10.2307/3617646}
}

@misc{kann97,
author = {Kann, Viggo and Khanna, Sanjeev and Lagergren, Jens and Panconesi, Alessandro},
year = {1997},
month = {05},
pages = {},
title = {On the Hardness of Approximating MAX k-CUT and its Dual},
journal = {Chicago J Theoret Comput Sci}
}

@book{leung04,
author = {Leung, Joseph~Y-T},
year = {2004},
month = {01},
pages = {},
title = {Handbook of Scheduling: Algorithms, Models, and Performance Analysis},
journal = {Handbook of Scheduling: Algorithms, Models, and Performance Analysis}
}

@inproceedings{gendreau06,
author = {Gendreau, Michel and Ferland, Jacques and Gendron, Bernard and Hail, Noureddine and Jaumard, Brigitte and Lapierre, Sophie and Pesant, Gilles and Soriano, Patrick},
year = {2006},
month = {08},
pages = {53-66},
title = {Physician Scheduling in Emergency Rooms},
doi = {10.1007/978-3-540-77345-0_4}
}

@inproceedings{ribeiro06,
author = {Ribeiro, Celso and Urrutia, Sebastián},
year = {2006},
month = {08},
pages = {147-157},
title = {Scheduling the Brazilian Soccer Tournament with Fairness and Broadcast Objectives},
doi = {10.1007/978-3-540-77345-0_10}
}


%% - Referencias adicionais

@book{bezerra2007principios,
  title={Princ{\'\i}pios de An{\'a}lise e Projeto de Sistemas com UML},
  author={Bezerra, Eduardo},
  volume={2},
  year={2007},
  publisher={Elsevier Rio de Janeiro}
}

@misc{biajolinovas,
  title={Novas Heur{\'i}sticas para o problema de geração de escalas de jogos para torneios esportivos},
  author={Biajoli, Fabr{\'i}cio Lacerda and Lorena, Nogueira},
  year={2007}
}

@article{borges2003resoluccao,
  title={Resolu{\c{c}}{\~a}o de timetabling utilizando algoritmos gen{\'e}ticos e evolu{\c{c}}{\~a}o cooperativa},
  author={Borges, Suzan Kelly},
  journal={Universidade Federal do Paran{\'a}},
  year={2003}
}


@article{brucker2007,
  title={\textbf{Scheduling Algorithms}},
  author={Brucker, Peter},
  year={2007},
  publisher={Springer}
}

@article{burke2010decomposition,
  title={\textbf{Decomposition, reformulation, and diving in university course timetabling}},
  author={Burke, Edmund K and Mare{\v{c}}ek, Jakub and Parkes, Andrew J and Rudov{\'a}, Hana},
  journal={Computers \& Operations Research},
  volume={37},
  number={3},
  pages={582--597},
  year={2010},
  publisher={Elsevier}
}

@article{burke2002recent,
  title={\textbf{Recent research directions in automated timetabling}},
  author={Burke, Edmund Kieran and Petrovic, Sanja},
  journal={European Journal of Operational Research},
  volume={140},
  number={2},
  pages={266--280},
  year={2002},
  publisher={Elsevier}
}

@book{burke2007practice,
  title={Practice and Theory of Automated Timetabling VI: 6th International Conference, PATAT 2006 Brno, Czech Republic, August 30-September 1, 2006 Revised Selected Papers},
  author={Burke, Edmund and Rudov{\'a}, Hana},
  volume={3867},
  year={2007},
  publisher={Springer}
}

@misc{cacchiani2013tutorial,
  title={A tutorial on train timetabling and train platforming problems},
  author={Cacchiani, Valentina and Galli, Laura and Toth, Paolo},
  year={2013},
  publisher={Universit{\`a} di Pisa}
}

@article{cerioli2012minicurso,
  title={\textbf{Minicurso de Combinat{\'o}ria de Contagem}},
  author={Cerioli, M{\'a}rcia R and Viana, Petrucio},
  journal={II COLOQUIO DE MATEM{\'A}TICA DA REGIAO SUL},
  volume={2},
  year={2012}
}

@misc{richard1967theory,
  title={Theory of Scheduling},
  author={RICHARD, W CONWAY and WILLIAM, L MAXWELL and Louis, W MILLER},
  year={1967},
  publisher={Addison-Wesley, Reading, Massachusetts}
}

@book{cormen2001,
author = {Cormen, Thomas and Leiserson, Charles and Rivest, Ronald and Stein, Clifford},
year = {2001},
month = {01},
pages = {},
title = {Algoritmos: Teoria e Prática}
}

@article{csima1964,
author = {Csima, J. and Gotlieb, C. C.},
title = {\textbf{Tests on a Computer Method for Constructing School Timetables}},
year = {1964},
issue_date = {March 1964},
publisher = {Association for Computing Machinery},
address = {New York, NY, USA},
volume = {7},
number = {3},
issn = {0001-0782},
url = {https://doi.org/10.1145/363958.363986},
doi = {10.1145/363958.363986},
abstract = {A previously proposed computer method for constructing timetables, based on an iteration involving Boolean matrices, is described. In limited tests the method has successfully produced timetables on every trial. References are given which relate the timetable problem to theorems on matrices of zeros and ones, and to theorems on bipartite graphs. Some problems of applying the method to constructing timetables in real situations are noted.},
journal = {Commun. ACM},
month = mar,
pages = {160–163},
numpages = {4}
}

@article{da2010heuristicas,
  title={\textbf{Heur{\'\i}sticas baseadas no algoritmo de colora{\c{c}}{\~a}o de grafos para o problema de aloca{\c{c}}{\~a}o de salas em uma institui{\c{c}}{\~a}o de ensino superior}},
  author={da Silva, Douglas Jos{\'e} and da Silva, Geiza Cristina},
  journal={Anais do XLII SBPO},
  pages={2839--2849},
  year={2010}
}

@article{daalgoritmo,
  title={\textbf{Algoritmo gen{\'e}tico para resolu{\c{c}}{\~a}o do problema de university course timetabling para institui{\c{c}}{\~o}es de ensino superior privadas: Um estudo de caso na FAGOC}},
  author={da Silva, Italo Luis and Machado, Pedro Henrique M{\'a}zala and Campos, Saulo Cunha},
  year={2017}
}

@book{diverio2009teoria,
  title={Teoria da Computa{\c{c}}{\~a}o--UFRGS: M{\'a}quinas Universais e Computabilidade},
  author={Diverio, Tiaraj{\'u} A and Menezes, Paulo B},
  year={2009},
  publisher={Bookman Editora}
}

@book{eiselt2013decision,
  title={Decision analysis, location models, and scheduling problems},
  author={Eiselt, Horst A and Sandblom, Carl-Louis},
  year={2013},
  publisher={Springer Science \& Business Media}
}

@book{elmaghraby2012symposium,
  title={Symposium on the Theory of Scheduling and its Applications},
  author={Elmaghraby, Salah Eldin},
  volume={86},
  year={2012},
  publisher={Springer Science \& Business Media}
}

@article{feofiloff2011minicurso,
  title={\textbf{Minicurso de An{\'a}lise de Algoritmos}},
  author={Feofiloff, Paulo},
  year={2011}
}

@phdthesis{klein1994algoritmos,
  title={Algoritmos e Complexidade de Decomposi c{\~a}o em Grafos},
  author={Klein, S},
  year={1994},
  school={Doctoral Thesis (in portuguese), Progr. de Eng. de Sistemas e Computa c{\~a}o~…}
}

@book{knuth1997stable,
  title={Stable marriage and its relation to other combinatorial problems: An introduction to the mathematical analysis of algorithms},
  author={Knuth, Donald Ervin and DE BRUIJN, NG},
  volume={10},
  year={1997},
  publisher={American Mathematical Soc.}
}

@inproceedings{kostuch2004hardness,
  title={Hardness prediction for the university course timetabling problem},
  author={Kostuch, Philipp and Socha, Krzysztof},
  booktitle={European conference on evolutionary computation in combinatorial optimization},
  pages={135--144},
  year={2004},
  organization={Springer}
}

@book{levitin2012introduction,
  title={Introduction to the design \& analysis of algorithms},
  author={Levitin, Anany},
  year={2012},
  publisher={Boston: Pearson,}
}

@book{martin2019codigo,
  title={C{\'o}digo limpo: habilidades pr{\'a}ticas do Agile software},
  author={Martin, Robert C},
  year={2019},
  publisher={Alta Books}
}

@article{menezes2017formulaccoes,
  title={\textbf{Formula{\c{c}}{\~o}es exata e heur{\'\i}stica para o problema de programa{\c{c}}{\~a}o de hor{\'a}rios da Universidade Federal de Sergipe}},
  author={Menezes, Dimitri Carvalho},
  year={2017},
  publisher={DCOMP-Departamento de Computa{\c{c}}{\~a}o--Ci{\^e}ncia da Computa{\c{c}}{\~a}o--S{\~a}o Crist{\'o}v{\~a}o-Presencial}
}

@book{sipser2007introduccao,
  title={Introdu{\c{c}}{\~a}o {\`a} teoria da computa{\c{c}}{\~a}o},
  author={Sipser, Michael},
  year={2007},
  publisher={Thomson Learning}
}

@article{monteiro2017heuristicas,
  title={\textbf{Heur{\'\i}sticas de Constru{\c{c}}{\~a}o no Problema de Tabela-H{\'o}rario de Universidades}},
  author={Monteiro, Renan Costalonga and Kampke, Edmar Hell},
  year={2017}
}

@incollection{muhlenthaler2015fairness,
  title={\textbf{Fairness in academic course timetabling}},
  author={M{\"u}hlenthaler, Moritz},
  booktitle={Fairness in Academic Course Timetabling},
  pages={75--105},
  year={2015},
  publisher={Springer}
}

@article{neufeld1974graph,
  title={\textbf{Graph coloring conditions for the existence of solutions to the timetable problem}},
  author={Neufeld, GA and Tartar, John},
  journal={Communications of the ACM},
  volume={17},
  number={8},
  pages={450--453},
  year={1974},
  publisher={ACM New York, NY, USA}
}

@article{oliveira2011timetabling,
  title={TIMETABLING, A COMPLEXIDADE NA GERA{\c{C}}{\~A}O DE HOR{\'A}RIOS EM INSTITUI{\c{C}}{\~O}ES DE ENSINO},
  author={Oliveira, Marcos Paulo Martins and Oliveira, William Alves and Tavares, William Mendes and de Carvalho, Marcos Alberto},
  journal={RE3C-Revista Eletr{\^o}nica Cient{\'\i}fica de Ci{\^e}ncia da Computa{\c{c}}{\~a}o},
  volume={6},
  number={1},
  year={2011}
}

@article{pereira2017inserccao,
  title={\textbf{Inser{\c{c}}{\~a}o de par{\^a}metros controladores da aleatoriedade no m{\'e}todo GRASP aplicado a um problema de programa{\c{c}}{\~a}o de hor{\'a}rios em escolas}},
  author={Pereira, Renato Santos and Lacruz, Adonai Jos{\'e}},
  journal={Revista Gest{\~a}o da Produ{\c{c}}{\~a}o Opera{\c{c}}{\~o}es e Sistemas},
  volume={12},
  number={3},
  pages={265},
  year={2017}
}

@book{pinedo2005planning,
  title={Planning and scheduling in manufacturing and services},
  author={Pinedo, Michael},
  year={2005},
  publisher={Springer}
}

@book{pinedo2012scheduling,
  title={Scheduling},
  author={Pinedo, Michael},
  volume={29},
  year={2012},
  publisher={Springer}
}



@article{reis2006introduccao,
  title={\textbf{Uma introdu{\c{c}}{\~a}o ao scheduling}},
  author={Reis, Joaquim},
  year={2006}
}

@article{rodrigues2008tratamento,
  title={\textbf{Tratamento de um problema de escalonamento considerando datas de entrega, turnos de produ{\c{c}}{\~a}o e trocas de ferramentas via Busca Tabu}},
  author={Rodrigues, Antonio Gabriel and G{\'o}mez, Arthur T{\'o}rgo},
  journal={Production},
  volume={18},
  number={1},
  pages={64--75},
  year={2008},
  publisher={SciELO Brasil}
}

@article{schmidt1980timetable,
  title={Timetable construction--an annotated bibliography},
  author={Schmidt, Gunther and Str{\"o}hlein, Thomas},
  journal={The Computer Journal},
  volume={23},
  number={4},
  pages={307--316},
  year={1980},
  publisher={Oxford University Press}
}

@misc{werner2018special,
  title={Special Issue on Algorithms for Scheduling Problems},
  author={Werner, Frank and Burtseva, Larysa and Sotskov, Yuri N},
  year={2018},
  publisher={Multidisciplinary Digital Publishing Institute}
}



%%----------

%% -- Ordenar referencias por: Livros, Artigos, Trabalhos Acadêmicos, Sites e outros veículos online.